<?xml version="1.0" encoding="UTF-8"?><collection xmlns="http://www.loc.gov/MARC21/slim"><record><leader>00338nam--2200121-i-4500</leader><controlfield tag="001">000016566</controlfield><controlfield tag="002">20161230</controlfield><controlfield tag="005">20161230201031</controlfield><controlfield tag="008">060222s1000------------r-----000-0-eng-d</controlfield><datafield ind1=" " ind2=" " tag="100"><subfield code="a">Courtial, Robert</subfield></datafield><datafield ind1=" " ind2=" " tag="245"><subfield code="a">Cntribution a l etude de la decomposition des hydroxydes d aluminium.these</subfield></datafield><datafield ind1=" " ind2=" " tag="260"><subfield code="a">Lyon,Universite,1957. 71 P</subfield></datafield><datafield ind1=" " ind2=" " tag="852"><subfield code="a">78254</subfield></datafield></record></collection>